
@inproceedings{guo2017calibration,
  title={On calibration of modern neural networks},
  author={Guo, Chuan and Pleiss, Geoff and Sun, Yu and Weinberger, Kilian Q},
  booktitle={International conference on machine learning},
  pages={1321--1330},
  year={2017},
  organization={PMLR}
}

@inproceedings{kuleshov2018accurate,
  title={Accurate uncertainties for deep learning using calibrated regression},
  author={Kuleshov, Volodymyr and Fenner, Nathan and Ermon, Stefano},
  booktitle={International conference on machine learning},
  pages={2796--2804},
  year={2018},
  organization={PMLR}
}

@book{dobson2018introduction,
  title={An introduction to generalized linear models},
  author={Dobson, Annette J and Barnett, Adrian G.},
  year={2018},
  publisher={CRC press}
}

@article{cordeiro2008modelos,
  title={Modelos lineares generalizados e extens{\~o}es},
  author={Cordeiro, Gauss Moutinho and Dem{\'e}trio, Clarice GB},
  journal={Piracicaba: USP},
  year={2008}
}